@book{kramer2009computational,
  title={Computational intelligence: eine Einf{\"u}hrung},
  author={Kramer, O.},
  year={2009},
  publisher={Springer-Verlag New York Inc}
}